

@article{rand2011agent,
  title={Agent-based modeling in marketing: Guidelines for rigor},
  author={Rand, William and Rust, Roland T},
  journal={International Journal of Research in Marketing},
  volume={28},
  number={3},
  pages={181--193},
  year={2011},
  publisher={Elsevier}
}

@inproceedings{raimbault2017applied,
  title={An Applied Knowledge Framework to Study Complex Systems},
  author={Raimbault, Juste},
  booktitle={Complex Systems Design \& Management},
  pages={31--45},
  year={2017}
}



@article{2009arXiv0907.2221B,
	Author = {{Bourgine}, P. and {Chavalarias}, D. and al.},
	Journal = {arXiv preprint arXiv:0907.2221},
	Month = jul,
	Title = {{French Roadmap for complex Systems}},
	Year = 2009}


@book{doursat2012morphogenetic,
	Author = {Doursat, Ren{\'e} and Sayama, Hiroki and Michel, Olivier},
	Publisher = {Springer},
	Title = {Morphogenetic engineering: toward programmable complex systems},
	Year = {2012}}



@phdthesis{banos2013pour,
  title={Pour des pratiques de mod{\'e}lisation et de simulation lib{\'e}r{\'e}es en G{\'e}ographie et SHS},
  author={Banos, Arnaud},
  year={2013},
  school={Universit{\'e} Paris 1 Panth{\'e}on Sorbonne}
}



@incollection{banos2012towards,
	Author = {Banos, Arnaud and Genre-Grandpierre, Cyrille},
	Booktitle = {Agent-based models of geographical systems},
	Pages = {627--641},
	Publisher = {Springer},
	Title = {Towards new metrics for urban road networks: Some preliminary evidence from agent-based simulations},
	Year = {2012}}




@article{reuillon2013openmole,
	Author = {Reuillon, Romain and Leclaire, Mathieu and Rey-Coyrehourcq, Sebastien},
	Journal = {Future Generation Computer Systems},
	Number = {8},
	Pages = {1981--1990},
	Title = {OpenMOLE, a workflow engine specifically tailored for the distributed exploration of simulation models},
	Volume = {29},
	Year = {2013}}




@article{anas1998urban,
	Author = {Anas, Alex and Arnott, Richard and Small, Kenneth A.},
	Journal = {Journal of Economic Literature},
	Number = {3},
	Pages = {pp. 1426-1464},
	Title = {Urban Spatial Structure},
	Volume = {36},
	Year = {1998}}



@article{wegener2004land,
	Author = {Wegener, Michael and F{\"u}rst, Franz},
	Journal = {Available at SSRN 1434678},
	Title = {Land-use transport interaction: state of the art},
	Year = {2004}}



@inproceedings{angus2007crowding,
  title={Crowding population-based ant colony optimisation for the multi-objective travelling salesman problem},
  author={Angus, Daniel},
  booktitle={Computational Intelligence in Multicriteria Decision Making, IEEE Symposium on},
  pages={333--340},
  year={2007},
  organization={IEEE}
}



@article{bergeaud2017classifying,
  title={Classifying patents based on their semantic content},
  author={Bergeaud, Antonin and Potiron, Yoann and Raimbault, Juste},
  journal={PloS one},
  volume={12},
  number={4},
  pages={e0176310},
  year={2017},
  publisher={Public Library of Science}
}



@article{bedau2002downward,
	Author = {Bedau, Mark},
	Journal = {Principia: an international journal of epistemology},
	Number = {1},
	Pages = {5--50},
	Title = {Downward causation and the autonomy of weak emergence},
	Volume = {6},
	Year = {2002}}



@incollection{schafer2017challenges,
  title={Challenges for MBSE and PLE for Legacy Product-Based System Environments},
  author={Sch{\"a}fer, Michael and Bitsch, Friedemann and Wei{\ss}leder, Stephan and Wartenberg, Florian},
  booktitle={Complex Systems Design \& Management},
  pages={3--15},
  year={2017},
  publisher={Springer}
}


@incollection{durantin2017disruptive,
  title={Disruptive innovation in complex systems},
  author={Durantin, Arnaud and Fanmuy, Gauthier and Miet, S{\'e}gol{\`e}ne and Pegon, Val{\'e}rie},
  booktitle={Complex Systems Design \& Management},
  pages={41--56},
  year={2017},
  publisher={Springer}
}

@article{schneider2013literature,
  title={A literature survey on international standards for systems requirements engineering},
  author={Schneider, Florian and Berenbach, Brian},
  journal={Procedia Computer Science},
  volume={16},
  pages={796--805},
  year={2013},
  publisher={Elsevier}
}


@book{portugali2012complexity,
  title={Complexity theories of cities have come of age: an overview with implications to urban planning and design},
  author={Portugali, Juval and Meyer, Han and Stolk, Egbert and Tan, Ekim},
  year={2012},
  publisher={Springer Science \& Business Media}
}



@article{sheard2009principles,
  title={Principles of complex systems for systems engineering},
  author={Sheard, Sarah A and Mostashari, Ali},
  journal={Systems Engineering},
  volume={12},
  number={4},
  pages={295--311},
  year={2009},
  publisher={Wiley Online Library}
}


@article{maier1998architecting,
  title={Architecting principles for systems-of-systems},
  author={Maier, Mark W},
  journal={Systems Engineering: The Journal of the International Council on Systems Engineering},
  volume={1},
  number={4},
  pages={267--284},
  year={1998},
  publisher={Wiley Online Library}
}


@article{stone2000multiagent,
  title={Multiagent systems: A survey from a machine learning perspective},
  author={Stone, Peter and Veloso, Manuela},
  journal={Autonomous Robots},
  volume={8},
  number={3},
  pages={345--383},
  year={2000},
  publisher={Springer}
}


@article{hasan2013spatiotemporal,
  title={Spatiotemporal patterns of urban human mobility},
  author={Hasan, Samiul and Schneider, Christian M and Ukkusuri, Satish V and Gonz{\'a}lez, Marta C},
  journal={Journal of Statistical Physics},
  volume={151},
  number={1-2},
  pages={304--318},
  year={2013},
  publisher={Springer}
}



@article{langton1986studying,
  title={Studying artificial life with cellular automata},
  author={Langton, Christopher G},
  journal={Physica D: Nonlinear Phenomena},
  volume={22},
  number={1-3},
  pages={120--149},
  year={1986},
  publisher={Elsevier}
}

@article{langton1989artificial,
  title={Artificial life},
  author={Langton, Christopher G and others},
  year={1989},
  publisher={Addison-Wesley Publishing Company Redwood City, CA}
}


@article{beer2004autopoiesis,
	Author = {Beer, Randall D},
	Journal = {Artificial Life},
	Number = {3},
	Pages = {309--326},
	Title = {Autopoiesis and cognition in the game of life},
	Volume = {10},
	Year = {2004}}



@article{newman2011complex,
  title={Complex systems: A survey},
  author={Newman, Mark EJ},
  journal={arXiv preprint arXiv:1112.1440},
  year={2011}
}


@article{estefan2007survey,
  title={Survey of model-based systems engineering (MBSE) methodologies},
  author={Estefan, Jeff A and others},
  journal={Incose MBSE Focus Group},
  volume={25},
  number={8},
  pages={1--12},
  year={2007}
}


@article{raimbault2017exploration,
  title={Exploration of an Interdisciplinary Scientific Landscape},
  author={Raimbault, Juste},
  journal={arXiv preprint arXiv:1712.00805},
  year={2017}
}


@article{waltman2010unified,
  title={A unified approach to mapping and clustering of bibliometric networks},
  author={Waltman, Ludo and van Eck, Nees Jan and Noyons, Ed CM},
  journal={Journal of Informetrics},
  volume={4},
  number={4},
  pages={629--635},
  year={2010},
  publisher={Elsevier}
}




@article{chavalarias2013phylomemetic,
	Author = {Chavalarias, David and Cointet, Jean-Philippe},
	Journal = {Plos One},
	Number = {2},
	Pages = {e54847},
	Title = {Phylomemetic patterns in science evolution---the rise and fall of scientific fields},
	Volume = {8},
	Year = {2013}}




@article{edgar1986methode,
  title={La m{\'e}thode 3. La connaissance de la connaissance},
  author={Morin, Edgar},
  journal={Essais, Seuil},
  year={1986}
}



@article{latour1977rhetorique,
  title={La rh{\'e}torique de la science [pouvoir et devoir dans un article de science exacte]},
  author={Latour, Bruno and Fabbri, Paolo},
  journal={Actes de la recherche en sciences sociales},
  volume={13},
  number={1},
  pages={81--95},
  year={1977},
  publisher={Pers{\'e}e-Portail des revues scientifiques en SHS}
}



@article{deffuant2015visions,
	Author = {Deffuant, Guillaume and Banos, Arnaud and Chavalarias, David and Bertelle, Cyrille and Brodu, Nicolas and Jensen, Pablo and Lesne, Annick and M{\"u}ller, Jean-Pierre and Perrier, {\'E}dith and Varenne, Franck},
	Journal = {Natures Sciences Soci{\'e}t{\'e}s},
	Number = {1},
	Pages = {42--53},
	Title = {Visions de la complexit{\'e}. Le d{\'e}mon de Laplace dans tous ses {\'e}tats},
	Volume = {23},
	Year = {2015}}




@article{farmer2009economy,
	Author = {Farmer, J Doyne and Foley, Duncan},
	Journal = {Nature},
	Number = {7256},
	Pages = {685--686},
	Title = {The economy needs agent-based modelling},
	Volume = {460},
	Year = {2009}}





@article{tero2007mathematical,
	Author = {Tero, Atsushi and Kobayashi, Ryo and Nakagaki, Toshiyuki},
	Journal = {Journal of theoretical biology},
	Number = {4},
	Pages = {553--564},
	Title = {A mathematical model for adaptive transport network in path finding by true slime mold},
	Volume = {244},
	Year = {2007}}




@article{tero2010rules,
	Author = {Tero, Atsushi and Takagi, Seiji and Saigusa, Tetsu and Ito, Kentaro and Bebber, Dan P. and Fricker, Mark D. and Yumiki, Kenji and Kobayashi, Ryo and Nakagaki, Toshiyuki},
	Journal = {Science},
	Number = {5964},
	Pages = {439-442},
	Title = {Rules for Biologically Inspired Adaptive Network Design},
	Volume = {327},
	Year = {2010}}




@article{chu2008criteria,
	Author = {Chu, Dominique},
	Journal = {Artificial Life},
	Number = {3},
	Pages = {313--323},
	Title = {Criteria for conceptual and operational notions of complexity},
	Volume = {14},
	Year = {2008}}




@article{ottino2004engineering,
  title={Engineering complex systems},
  author={Ottino, Julio M},
  journal={Nature},
  volume={427},
  number={6973},
  pages={399},
  year={2004},
  publisher={Nature Publishing Group}
}


@article{jennings2003agent,
  title={Agent-based control systems: Why are they suited to engineering complex systems?},
  author={Jennings, Nicholas R and Bussmann, Stefan},
  journal={IEEE control systems},
  volume={23},
  number={3},
  pages={61--73},
  year={2003},
  publisher={IEEE}
}

